@inproceedings{Pretschner_MBTInPractice,
 author = {Pretschner, Alexander},
 title = {Model-based Testing in Practice},
 booktitle = {Proceedings of the 2005 International Conference on Formal Methods},
 series = {FM'05},
 year = {2005},
 isbn = {3-540-27882-6, 978-3-540-27882-5},
 location = {Newcastle, UK},
 pages = {537--541},
 numpages = {5},
 url = {http://dx.doi.org/10.1007/11526841_37},
 doi = {10.1007/11526841_37},
 acmid = {2130057},
 publisher = {Springer-Verlag},
 address = {Berlin, Heidelberg},
}

@article{Pretschner_Taxonomy,
 author = {Utting, Mark and Pretschner, Alexander and Legeard, Bruno},
 title = {A Taxonomy of Model-based Testing Approaches},
 journal = {Softw. Test. Verif. Reliab.},
 issue_date = {August 2012},
 volume = {22},
 number = {5},
 month = aug,
 year = {2012},
 issn = {0960-0833},
 pages = {297--312},
 numpages = {16},
 url = {http://dx.doi.org/10.1002/stvr.456},
 doi = {10.1002/stvr.456},
 acmid = {2344870},
 publisher = {John Wiley and Sons Ltd.},
 address = {Chichester, UK},
 keywords = {model-based testing approaches, survey, taxonomy},
}

@misc{Agile_Scrum,
  title = { Scrum (software development)},
  howpublished={\url{https://en.wikipedia.org/wiki/Scrum_(software_development)}}
}

@misc{Apfenbaum_MBT,
  title = { Model-Based Testing},
  howpublished={\url{http://www.testoptimal.com/ref/Model\%20Based\%20Testing.pdf}}
}

@misc{Pesticide_Paradox,
  title = { What is Pesticide Paradox in software testing?},
  howpublished={\url{https://www.quora.com/What-is-Pesticide-Paradox-in-software-testing}}
}

@misc{SpecExplorer_ModelView,
  title = { Visual representation of model in spec explorer},
  howpublished={\url{https://msdn.microsoft.com/en-us/magazine/dn532205.caomera_figure-3_large(l=en-us).png}}
}

@misc{SpecExplorer_Description,
  title = { Model Based Testing - An Introduction to Model-Based Testing and Spec Explorer},
  howpublished={\url{https://msdn.microsoft.com/en-us/magazine/dn532205.aspx}}
}

@misc{NModel_Description,
  title = { NModel},
  howpublished={\url{https://archive.codeplex.com/?p=nmodel}}
}

@misc{NModel_Description2,
  title = { Model‐Based Testing with NModel},
  howpublished={\url{http://193.40.251.102/tiki-download_wiki_attachment.php?attId=322}}
}

@InProceedings{Chinnapongse_NModel,
author="Chinnapongse, Vivien
and Lee, Insup
and Sokolsky, Oleg
and Wang, Shaohui
and Jones, Paul L.",
editor="Lee, Sunggu
and Narasimhan, Priya",
title="Model-Based Testing of GUI-Driven Applications",
booktitle="Software Technologies for Embedded and Ubiquitous Systems",
year="2009",
publisher="Springer Berlin Heidelberg",
address="Berlin, Heidelberg",
pages="203--214",
isbn="978-3-642-10265-3"
}

@mastersthesis{Kolawole_NModel,
  author       = {Kolawole, Gabriel}, 
  title        = {Model based testing mobile applications: a case study of moodle mobile application},
  school       = {Tallinn University of Technology },
  year         = 2017,
}

@article{Silva_SpecExplorer,
  title={Model-based User Interface Testing With Spec Explorer and ConcurTaskTrees},
  author={Jos{\'e} Lu{\'i}s Silva and Jos{\'e} Francisco Creissac Freitas de Campos and Ana C. R. Paiva},
  journal={Electr. Notes Theor. Comput. Sci.},
  year={2008},
  volume={208},
  pages={77-93}
}

@ARTICLE{MobiGUITAR, 
author={D. Amalfitano and A. R. Fasolino and P. Tramontana and B. D. Ta and A. M. Memon}, 
journal={IEEE Software}, 
title={MobiGUITAR: Automated Model-Based Testing of Mobile Apps}, 
year={2015}, 
volume={32}, 
number={5}, 
pages={53-59}, 
keywords={Android (operating system);finite state machines;graphical user interfaces;mobile computing;program testing;public domain software;open-source Android apps;scalable state machine model;automated GUI-driven testing;mobile GUI testing framework;user-interface-driven system testing;mobile apps;automated model-based testing;MobiGUITAR;Software testing;Graphical user interfaces;Androids;Humanoid robots;Mobile communication;Computer bugs;software testing;GUI testing;android testing;software engineering;mobile apps;Android apps;MobiGUITAR}, 
doi={10.1109/MS.2014.55}, 
ISSN={0740-7459}, 
month={Sept},}

@INPROCEEDINGS{GUIripping, 
author={A. Memon and I. Banerjee and A. Nagarajan}, 
booktitle={10th Working Conference on Reverse Engineering, 2003. WCRE 2003. Proceedings.}, 
title={GUI ripping: reverse engineering of graphical user interfaces for testing}, 
year={2003}, 
volume={}, 
number={}, 
pages={260-269}, 
keywords={Graphical user interfaces;Reverse engineering;Automatic testing;Software testing;Humans;Computer science;Educational institutions;Data mining;Software engineering;Application software}, 
doi={10.1109/WCRE.2003.1287256}, 
ISSN={1095-1350}, 
month={Nov},}

@article{USE_definition,
title = "USE: A UML-based specification environment for validating UML and OCL",
journal = "Science of Computer Programming",
volume = "69",
number = "1",
pages = "27 - 34",
year = "2007",
note = "Special issue on Experimental Software and Toolkits",
issn = "0167-6423",
doi = "https://doi.org/10.1016/j.scico.2007.01.013",
url = "http://www.sciencedirect.com/science/article/pii/S0167642307001608",
author = "Martin Gogolla and Fabian Büttner and Mark Richters",
keywords = "UML, OCL, Model, Constraint, Invariant, Pre- and post-conditions, Model validation, Model certification, Model execution",
abstract = "The Unified Modeling Language (UML) is accepted today as an important standard for developing software. UML tools however provide little support for validating and checking models in early development phases. There is also no substantial support for the Object Constraint Language (OCL). We present an approach for the validation of UML models and OCL constraints based on animation and certification. The USE tool (UML-based Specification Environment) supports analysts, designers and developers in executing UML models and checking OCL constraints and thus enables them to employ model-driven techniques for software production."
}

@InProceedings{USE_Alloy_Z_comparison,
author="Aydal, Emine G.
and Utting, Mark
and Woodcock, Jim",
editor="Paige, Richard F.
and Meyer, Bertrand",
title="A Comparison of State-Based Modelling Tools for Model Validation",
booktitle="Objects, Components, Models and Patterns",
year="2008",
publisher="Springer Berlin Heidelberg",
address="Berlin, Heidelberg",
pages="278--296",
isbn="978-3-540-69824-1"
}



@misc{Agile_Requirement_Designer_desciption,
  title = { CA Agile Requirements Designer},
  howpublished={\url{https://www.ca.com/en/blog-agile-requirements-designer/}}
}

@misc{Flowchart,
  title = { Flowchart},
  howpublished={\url{https://en.wikipedia.org/wiki/Flowchart}}
}

@inproceedings{Survey,
 author = {Dias Neto, Arilo C. and Subramanyan, Rajesh and Vieira, Marlon and Travassos, Guilherme H.},
 title = {A Survey on Model-based Testing Approaches: A Systematic Review},
 series = {WEASELTech '07},
 year = {2007},
 isbn = {978-1-59593-880-0},
 location = {Atlanta, Georgia},
 pages = {31--36},
 numpages = {6},
 url = {http://doi.acm.org/10.1145/1353673.1353681},
 doi = {10.1145/1353673.1353681},
 acmid = {1353681},
 publisher = {ACM},
 address = {New York, NY, USA},
 keywords = {model-based testing, survey, systematic review, test case generation, testing approaches},
}

@misc{Spotify,
  title = { Spotify},
  howpublished={\url{https://www.spotify.com}}
}

@misc{Graphwalker_Description,
  title = { Graphwalker},
  howpublished={\url{http://graphwalker.github.io/}}
}

@misc{Graphwalker_Login_Example,
  title = {Graphwalker Login example},
  howpublished={\url{http://graphwalker.github.io/images/Login.png}}
}

@misc{yEd,
  title = { yEd by yWorks},
  howpublished={\url{https://www.yworks.com/products/yed}}
}

@article{GMSEC,
  title={Model-based testing of NASA’s GMSEC, a reusable framework for ground system software},
  author={Vignir Gudmundsson and Christoph Schulze and Dharmalingam Ganesan and Mikael Lindvall and Robert E. Wiegand},
  journal={Innovations in Systems and Software Engineering},
  year={2015},
  volume={11},
  pages={217-232}
}

@misc{BSC_UserGuide,
  title = { Brainloop Secure Client user guide},
  howpublished={\url{https://help.brainloop.com/bdrs-apps/en/User-Guide-BL-Secure-Client-for-iOS-en.pdf}}
}

@misc{BDRS_Description,
  title = { Brainloop Secure Dataroom Service},
  howpublished={\url{https://help.brainloop.com/bdrs/help/bdrs840/1/index.htm#introduction.htm}}
}

@article{TSD4WSC,
 title = {Evaluating the Model-Based Testing Approach in the Context of Mobile Applications},
 journal = {Electron. Notes Theor. Comput. Sci.},
 issue_date = {June 2015},
 volume = {314},
 number = {C},
 month = jun,
 year = {2015},
 issn = {1571-0661},
 pages = {3--21},
 numpages = {19},
 url = {http://dx.doi.org/10.1016/j.entcs.2015.05.002},
 doi = {10.1016/j.entcs.2015.05.002},
 acmid = {2794038},
 publisher = {Elsevier Science Publishers B. V.},
 address = {Amsterdam, The Netherlands, The Netherlands},
key = {{$\!\!$}} ,
}

@unknown{TVT,
author = {Kervinen, Antti and Maunumaa, Mika and Pääkkönen, Tuula and Katara, Mika},
year = {2005},
month = {07},
pages = {16-31},
title = {Model-based testing through a GUI},
doi = {10.1007/11759744_2}
}

@unknown{TestCast,
author = {Shafique, Muhammad and Labiche, Yvan},
year = {2010},
month = {09},
pages = {},
title = {A Systematic Review of Model-Based Testing Tools}
}


